@online{minitools,
	author = {Mathias Hansen, s093478},
	title = {Værktøjer til 02321 3 ugers projekt},
	month = {20. Januar},
	year = {2011},
	howpublished = {\url{http://www.student.dtu.dk/~s093478/02321/}}
},
@online{vhddisplay,
	author = {Seunghoon Kim},
	title = {Color gradient display},
	month = {20. Januar},
	year = {2011},
	howpublished = {\url{http://www.hoonio.com/wiki/VHD:Display}}
},
@book{patt,
	author = {Yale N. Patt \& Sanjay J. Patel},
	title = {Introduction to computing systems, from bits \& gates to C \& beyound},
	edition = {Second edition},
	publisher = {Elizabeth A. Jones},
	year = {2004}
},
@book{chu,
	author = {Pong P. Chu},
	title = {FPGA Prototyping by VHDL Examples},
	publisher = {John Wiley \& Sons Inc., Hoboken, New Jersey},
	year = {2008}
},
@manual{xst,
	organization = {XILINX\textregistered},
	title = {XST User Guide},
	year = {2008}
},
@manual{hardwaremanual,
	organization = {XILINX\textregistered},
	title = {Xilinx University Program Virtex-II Pro Development System, Hardware Reference Manual},
	month = {8. Marts},
	year = {2005}
},
@manual{adrefman,
	organization = {Digilent\textregistered},
	title = {Digilent PmodAD1TM Analog To Digital Module Converter Board Reference Manual},
	month = {4. December},
	year = {2005}
},
@misc{adrefcomp,
	organization = {Digilent\textregistered},
	title = {PmodAD1 reference component}
}